@COMMENT{
	tipos de entradas mais comuns = {},
	article = {artigo em periódico},
	book = {livro},
	online = {recurso online ou página web}
}


@article{Abedi2014,
	author = {Arenales, Marcos et al.},
	title = {Pesquisa Operacional para Cursos de Engenharia},
	journal = {Editora Campus},
	volume = {01},
	pages = {},
	year = {2007}
}

@misc{worldsteel.org_2024,
    url={https://worldsteel.org/data/world-steel-in-figures/world-steel-in-figures-2024/},
    journal={worldsteel.org},
    year={2024},
    month={Jun},
    author={World Steel Association},
}